@inproceedings{hsu1990deep,
  title={Deep thought},
  author={Hsu, F-h and Anantharaman, Thomas S and Campbell, Murray S and Nowatzyk, Andreas},
  booktitle={Computers, Chess, and Cognition},
  pages={55--78},
  year={1990},
  organization={Springer}
}

@article{hsu1990grandmaster,
  title={A grandmaster chess machine},
  author={Hsu, Feng-hsiung and Anantharaman, Thomas and Campbell, Murray and Nowatzyk, Andreas},
  journal={Scientific American},
  volume={263},
  number={4},
  pages={44--51},
  year={1990},
  publisher={JSTOR}
}

@article{newborn1988results,
  title={Results of ACM's eighteenth computer chess championship},
  author={Newborn, Monty and Kopec, Danny},
  journal={Communications of the ACM},
  volume={31},
  number={8},
  pages={992--995},
  year={1988},
  publisher={ACM New York, NY, USA}
}

@article{campbell2002deep,
  title={Deep blue},
  author={Campbell, Murray and Hoane Jr, A Joseph and Hsu, Feng-hsiung},
  journal={Artificial intelligence},
  volume={134},
  number={1-2},
  pages={57--83},
  year={2002},
  publisher={Elsevier}
}

@misc{wikideepblue,
  title        = {Deep Blue (chess computer)},
  howpublished = {\url{https://en.wikipedia.org/wiki/Deep_Blue_(chess_computer)}},
  note         = {Accessed: 2025-05-04},
  year         = {2025}
}

@article{wired1997,
  title   = {May 11, 1997: Machine Bests Man in Tournament-Level Chess Match},
  journal = {Wired},
  year    = {1997},
  month   = may,
  day     = {11},
  url     = {https://www.wired.com/1997/05/machine-bests-man-in-tournament-level-chess-match/}
}

@article{time2013,
  title   = {Did Deep Blue Beat Kasparov Because of a System Glitch?},
  journal = {Time},
  year    = {2013},
  month   = apr,
  url     = {https://time.com/3671701/deep-blue-kasparov-glitch/}
}

@article{wired2015,
  title   = {Humans Out-Play an AI at Texas Hold 'Em—For Now},
  journal = {Wired},
  year    = {2015},
  month   = may,
  url     = {https://www.wired.com/2015/05/humans-outplay-ai-texas-hold-em/}
}

@article{newyorker2006,
  title   = {The Electronic Holy War},
  journal = {The New Yorker},
  year    = {2006},
  month   = may,
  url     = {https://www.newyorker.com/magazine/2006/05/29/the-electronic-holy-war}
}


@misc{turn0search2,
  author = {Mimuw},
  title  = {Deep Blue – mimuw},
  year   = {2002},
  note   = {Sec. 8.3: Endgame databases}
}

@misc{turn0search3,
  author = {USC Illumin},
  title  = {Deep Blue: The History and Engineering behind Computer Chess},
  year   = {2008},
  note   = {Selective vs brute-force search debate}
}

@misc{turn0search4,
  author = {{IBM IBM History}},
  title  = {Deep Blue – IBM},
  year   = {2025},
  note   = {Improvements for rematch, databases and evaluation}
}

@misc{turn0search8,
  author = {Chessprogramming Wiki},
  title  = {Deep Blue – Chessprogramming},
  year   = {2025},
  note   = {Project origins and architecture}
}

@misc{turn0search9,
  author = {Wikipedia},
  title  = {{Deep Blue (chess computer)}},
  year   = {2025},
  note   = {Design, hardware and software overview}
}

@article{turn0news55,
  author  = {{Wired}},
  title   = {What Deep Blue Tells Us About AI in 2017},
  journal = {Wired},
  year    = {2017}
}

@misc{turn0search10,
  author = {Phamoxtech},
  title  = {IBM Deep Blue: The Chess Machine That Beat a World Champion},
  year   = {2023},
  note   = {Hardware VLSI chips and architecture}
}

@inproceedings{campbell1999search,
  title={Search control methods in Deep Blue},
  author={Campbell, M and Hoane, A Joseph and Hsu, Feng-hsiung},
  booktitle={AAAI Spring Symposium on Search Techniques for Problem Solving under Uncertainty and Incomplete Information},
  pages={19--23},
  year={1999}
}

@article{hsu1999ibm,
  title={IBM's deep blue chess grandmaster chips},
  author={Hsu, Feng-hsiung},
  journal={IEEE micro},
  volume={19},
  number={2},
  pages={70--81},
  year={1999},
  publisher={IEEE}
}

@article{shannon1950xxii,
  title={XXII. Programming a computer for playing chess},
  author={Shannon, Claude E},
  journal={The London, Edinburgh, and Dublin Philosophical Magazine and Journal of Science},
  volume={41},
  number={314},
  pages={256--275},
  year={1950},
  publisher={Taylor \& Francis}
}

@article{turing1953digital,
  title={Digital computers applied to games},
  author={Turing, Alan M},
  journal={Faster than thought},
  year={1953},
  publisher={Pitnan \& Sons}
}